<record><leader>00000cas a2200000 a 4500</leader><controlfield tag="001">11891863</controlfield><controlfield tag="008">850408d18931912ksuwr ne      0   a0eng d</controlfield><datafield ind1=" " ind2=" " tag="010"><subfield code="a">sn 85031115 </subfield></datafield><datafield ind1=" " ind2=" " tag="040"><subfield code="a">KSH</subfield><subfield code="b">eng</subfield><subfield code="c">KSH</subfield><subfield code="d">NPT</subfield><subfield code="d">OCL</subfield><subfield code="d">OCLCQ</subfield></datafield><datafield ind1=" " ind2=" " tag="042"><subfield code="a">msc</subfield></datafield><datafield ind1="0" ind2="0" tag="245"><subfield code="a">McPherson opinion.</subfield></datafield><datafield ind1=" " ind2=" " tag="260"><subfield code="a">McPherson, Kan. :</subfield><subfield code="b">Opinion Print. Co.,</subfield><subfield code="c">1893-1912.</subfield></datafield><datafield ind1=" " ind2=" " tag="300"><subfield code="a">19 v. :</subfield><subfield code="b">ill. ;</subfield><subfield code="c">55-65 cm.</subfield></datafield><datafield ind1=" " ind2=" " tag="310"><subfield code="a">Weekly</subfield></datafield><datafield ind1="0" ind2=" " tag="362"><subfield code="a">Vol. 5, no. 1 (July 14, 1893)-v. 24, no. 1 (Aug. 9, 1912).</subfield></datafield><datafield ind1=" " ind2=" " tag="500"><subfield code="a">Publisher varies.</subfield></datafield><datafield ind1=" " ind2=" " tag="500"><subfield code="a">"Populist."</subfield></datafield><datafield ind1=" " ind2=" " tag="525"><subfield code="a">Supplements included.</subfield></datafield><datafield ind1=" " ind2=" " tag="752"><subfield code="a">United States</subfield><subfield code="b">Kansas</subfield><subfield code="c">McPherson</subfield><subfield code="d">McPherson.</subfield></datafield><datafield ind1="0" ind2="4" tag="780"><subfield code="t">Wichita opinion</subfield><subfield code="w">(DLC)sn 85032526</subfield></datafield><datafield ind1="0" ind2="4" tag="780"><subfield code="t">McPherson County times</subfield><subfield code="w">(DLC)sn 85031114</subfield></datafield><datafield ind1="0" ind2="7" tag="785"><subfield code="t">Democrat (McPherson, Kan.)</subfield><subfield code="w">(DLC)sn 85031116</subfield></datafield><datafield ind1="0" ind2="7" tag="785"><subfield code="t">Democrat-opinion</subfield><subfield code="w">(DLC)sn 85031117</subfield></datafield></record>